% Encoding: UTF-8

@Misc{Lindner2012,
  author    = {Alex Lindner},
  month     = oct,
  note      = {Zugriff am 25.07.2021},
  title     = {Geheimschrift und Codes » Kryptographie},
  year      = {2012},
  timestamp = {2021-07-25},
  url       = {https://www.seo-woman.de/bilder/2012/buchstaben-haeufigkeit-deutsches-alphabet.jpg},
}

@InBook{Roitzsch1993,
  author    = {Roitzsch,},
  pages     = {595 - 597},
  publisher = {Vieweg+Teubner Verlag},
  title     = {COBOL - Das Handbuch für den professionellen Programmierer : Auf der Basis des ANSI-Standards unter Berücksichtigung der IBM-Erweiterungen unter VS COBOL II},
  year      = {1993},
  address   = {Wiesbaden},
  isbn      = {9783322878021},
}

@InCollection{Beutelspacher2007,
  author    = {Albrecht Beutelspacher},
  booktitle = {Kryptologie},
  publisher = {Vieweg},
  title     = {Cäsar oder Aller Anfang ist leicht!},
  year      = {2007},
  pages     = {1--25},
  doi       = {10.1007/978-3-8348-9209-6_1},
  printed   = {Springer},
}

@Article{Olligs2003,
  author  = {Jan Olligs},
  journal = {Kryptosysteme},
  title   = {Mathematische Methoden der Analyse einfacher Kryptosysteme},
  year    = {2003},
  pages   = {3-7},
}

@Comment{jabref-meta: databaseType:bibtex;}
